<?xml version="1.0" encoding="utf-8"?>
<record xmlns="http://www.loc.gov/MARC21/slim" xmlns:xsi="http://www.w3.org/2001/XMLSchema-instance" xsi:schemaLocation="http://www.loc.gov/MARC21/slim http://www.loc.gov/standards/marcxml/schema/MARC21slim.xsd">
	<leader>     nam a22     Mi 4500</leader>
	<controlfield tag="001">b12760250</controlfield>
	<controlfield tag="003">LeBAU</controlfield>
	<controlfield tag="006">m        d        </controlfield>
	<controlfield tag="007">cr cn |||m|||a</controlfield>
	<controlfield tag="008">180604s1949    ua      o     ||0 0 ara d</controlfield>
	<datafield ind1=" " ind2=" " tag="040">
		<subfield code="a">ZYU</subfield>
		<subfield code="b">ara</subfield>
		<subfield code="e">rda</subfield>
		<subfield code="c">ZYU</subfield>
	</datafield>
	<datafield ind1="0" ind2="4" tag="082">
		<subfield code="a">341.1</subfield>
		<subfield code="2">20</subfield>
	</datafield>
	<datafield ind1="2" ind2=" " tag="110">
		<subfield code="6">880-01</subfield>
		<subfield code="a">League of Arab States.</subfield>
		<subfield code="b">Secretariat General,</subfield>
		<subfield code="e">issuing body.</subfield>
	</datafield>
	<datafield ind1="1" ind2="0" tag="245">
		<subfield code="6">880-02</subfield>
		<subfield code="a">Taqārīr ‘an a‘māl al-Amānah al-‘Āmmah bayna dawrāt ijtimā‘ al-Majlis min al-dawrah al-ūlá ilá al-dawrah al-‘āshirah ;</subfield>
		<subfield code="b">taqrīrān lil-amīn al-‘āmm ‘an raḥalātihi ilá Barīṭāniyā al-‘Uẓmá wa-al-Wilāyāt al-Muttaḥidah al-Amrīkīyah.</subfield>
	</datafield>
	<datafield ind1=" " ind2="1" tag="264">
		<subfield code="6">880-03</subfield>
		<subfield code="a">Miṣr :</subfield>
		<subfield code="b">Maṭbaʻat Jarīdat al-Ṣabāḥ,</subfield>
		<subfield code="c">1949.</subfield>
	</datafield>
	<datafield ind1=" " ind2=" " tag="300">
		<subfield code="6">880-04</subfield>
		<subfield code="a">online resource (259 pages)</subfield>
	</datafield>
	<datafield ind1=" " ind2=" " tag="336">
		<subfield code="a">text</subfield>
		<subfield code="2">rdacontent</subfield>
	</datafield>
	<datafield ind1=" " ind2=" " tag="337">
		<subfield code="a">computer</subfield>
		<subfield code="2">rdamedia</subfield>
	</datafield>
	<datafield ind1=" " ind2=" " tag="338">
		<subfield code="a">online resource</subfield>
		<subfield code="2">rdacarrier</subfield>
	</datafield>
	<datafield ind1=" " ind2=" " tag="500">
		<subfield code="a">Part of the Arabic Collections Online (ACO) project, contributed by American University of Beirut's Jafet Memorial Library.</subfield>
	</datafield>
	<datafield ind1=" " ind2=" " tag="533">
		<subfield code="a">Electronic reproduction.</subfield>
		<subfield code="b">New York, N.Y. :</subfield>
		<subfield code="c">New York University,</subfield>
		<subfield code="d">2018.</subfield>
		<subfield code="5">NNU</subfield>
	</datafield>
	<datafield ind1="2" ind2="4" tag="610">
		<subfield code="a">جامعة الدول العربية.</subfield>
		<subfield code="b">الامانة العامة.</subfield>
	</datafield>
	<datafield ind1="2" ind2="0" tag="610">
		<subfield code="a">League of Arab States.</subfield>
		<subfield code="b">Secretariat General.</subfield>
	</datafield>
	<datafield ind1=" " ind2="4" tag="651">
		<subfield code="a">البلدان العربية</subfield>
		<subfield code="x">السياسة والحكومة</subfield>
		<subfield code="y">القرن العشرون.</subfield>
	</datafield>
	<datafield ind1=" " ind2="4" tag="651">
		<subfield code="a">البلدان العربية</subfield>
		<subfield code="x">الأحوال الإقتصادية</subfield>
		<subfield code="y">القرن العشرون.</subfield>
	</datafield>
	<datafield ind1=" " ind2="4" tag="651">
		<subfield code="a">البلدان العربية</subfield>
		<subfield code="x">الاحوال الاجتماعية</subfield>
		<subfield code="y">القرن العشرون.</subfield>
	</datafield>
	<datafield ind1=" " ind2="0" tag="651">
		<subfield code="a">Arab countries</subfield>
		<subfield code="x">Politics and government</subfield>
		<subfield code="y">20th century.</subfield>
	</datafield>
	<datafield ind1=" " ind2="0" tag="651">
		<subfield code="a">Arab countries</subfield>
		<subfield code="x">Economic conditions</subfield>
		<subfield code="y">20th century.</subfield>
	</datafield>
	<datafield ind1=" " ind2="0" tag="651">
		<subfield code="a">Arab countries</subfield>
		<subfield code="x">Social conditions</subfield>
		<subfield code="y">20th century.</subfield>
	</datafield>
	<datafield ind1="2" ind2="2" tag="710">
		<subfield code="6">880-05</subfield>
		<subfield code="a">League of Arab States.</subfield>
		<subfield code="b">Secretariat General.</subfield>
		<subfield code="t">Taqrīrān lil-amīn al-‘āmm ‘an raḥalātihi ilá Barīṭāniyā al-‘Uẓmá wa-al-Wilāyāt al-Muttaḥidah al-Amrīkīyah.</subfield>
	</datafield>
	<datafield ind1="2" ind2=" " tag="710">
		<subfield code="a">Jafet Memorial Library.</subfield>
	</datafield>
	<datafield ind1="0" ind2=" " tag="730">
		<subfield code="a">Arabic Collections Online.</subfield>
	</datafield>
	<datafield ind1="0" ind2="8" tag="776">
		<subfield code="i">Print version:</subfield>
		<subfield code="a">League of Arab States. Secretariat General, issuing body.</subfield>
		<subfield code="t">Taqārīr ‘an a‘māl al-Amānah al-‘Āmmah bayna dawrāt ijtimā‘ al-Majlis min al-dawrah al-ūlá ilá al-dawrah al-‘āshirah ;</subfield>
		<subfield code="w">(LeBAU)b12760250</subfield>
	</datafield>
	<datafield ind1="4" ind2="0" tag="856">
		<subfield code="u">http://hdl.handle.net/2333.1/0rxwdjz1</subfield>
	</datafield>
	<datafield ind1="2" ind2=" " tag="880">
		<subfield code="6">110-01</subfield>
		<subfield code="a">جامعة الدول العربية.</subfield>
		<subfield code="b">الامانة العامة،</subfield>
		<subfield code="e">هيئة إصدار. </subfield>
		<subfield code="4">isb.</subfield>
	</datafield>
	<datafield ind1="1" ind2="0" tag="880">
		<subfield code="6">245-02</subfield>
		<subfield code="a">تقارير عن أعمال الأمانة العامة بين دورات إجتماع المجلس من الدورة الأولى الى الدورة العاشرة ؛</subfield>
		<subfield code="b">تقريران للأمين العام عن رحلاته إلى بريطانيا العظمى والولايات المتحدة الأمريكية.</subfield>
	</datafield>
	<datafield ind1=" " ind2="1" tag="880">
		<subfield code="6">264-03</subfield>
		<subfield code="a">مصر :</subfield>
		<subfield code="b">مطبعة جريدة الصباح،</subfield>
		<subfield code="c">1949.</subfield>
	</datafield>
	<datafield ind1=" " ind2=" " tag="880">
		<subfield code="6">300-04</subfield>
		<subfield code="a">259 صفحة ؛</subfield>
		<subfield code="c">27 سم</subfield>
	</datafield>
	<datafield ind1="2" ind2="2" tag="880">
		<subfield code="6">710-05</subfield>
		<subfield code="a">جامعة الدول العربية.</subfield>
		<subfield code="b">الامانة العامة.</subfield>
		<subfield code="t">تقريران للأمين العام عن رحلاته إلى بريطانيا العظمى والولايات المتحدة الأمريكية.</subfield>
	</datafield>
	<datafield ind1=" " ind2=" " tag="959">
		<subfield code="a">NNU</subfield>
		<subfield code="b">WEB</subfield>
		<subfield code="c">GENI</subfield>
		<subfield code="t">0</subfield>
		<subfield code="m">Electronic access</subfield>
		<subfield code="s">01</subfield>
	</datafield>
	<datafield ind1=" " ind2=" " tag="999">
		<subfield code="i">LeBAU_b12760250</subfield>
		<subfield code="s">aub_aco001760</subfield>
		<subfield code="e">(ERROR-MISC)</subfield>
	</datafield>
</record>
